<?xml version="1.0" encoding="UTF-8"?><record xmlns="http://www.loc.gov/MARC21/slim" xmlns:cinclude="http://apache.org/cocoon/include/1.0" xmlns:zs="http://www.loc.gov/zing/srw/">
  <leader>00632nz  a2200145n  4500</leader>
  <controlfield tag="001">no2009044716</controlfield>
  <controlfield tag="003">DLC</controlfield>
  <controlfield tag="005">20090325080040.0</controlfield>
  <controlfield tag="008">090323n| acannaabn          |n aaa     c</controlfield>
  <datafield tag="010" ind1=" " ind2=" ">
    <subfield code="a">no2009044716</subfield>
  </datafield>
  <datafield tag="035" ind1=" " ind2=" ">
    <subfield code="a">(OCoLC)oca08054431</subfield>
  </datafield>
  <datafield tag="040" ind1=" " ind2=" ">
    <subfield code="a">NcU</subfield>
    <subfield code="b">eng</subfield>
    <subfield code="c">NcU</subfield>
  </datafield>
  <datafield tag="100" ind1="1" ind2=" ">
    <subfield code="a">Mercante, Mary Ann</subfield>
  </datafield>
  <datafield tag="670" ind1=" " ind2=" ">
    <subfield code="a">Social aspects of participation in an international database, 1987:</subfield>
    <subfield code="b">narration (Mary Ann Mercante, director of Missouri Library Network Corp. (MLNC))</subfield>
  </datafield>
  <datafield tag="670" ind1=" " ind2=" ">
    <subfield code="a">Maryville University WWW site, Mar. 23, 2009</subfield>
    <subfield code="b">(Mary Ann Mercante, B.A., DePaul University; M.S.L.S., University of Illinois. Associate professor of the University Library)</subfield>
  </datafield>
</record>